@UNPUBLISHED{scofield:classification,
	AUTHOR = "Scofield, Ben",
	TITLE = "NoSQL - Death to Relational Databases(?)",
	NOTE = "Presentation at the CodeMash conference in Sandusky (Ohio)",
	MONTH = "January",
	YEAR = {2010}	}